 %**********************************************************************************************************************


@Book{rapidPyQt,
  title=	{Rapid GUI Programming with Python and Qt: The Definitive Guide to PyQt Programming},
  author=	{Mark Summerfield},
  address = {New Jersey},
  publisher=	{Prentice Hall},
  year=		{2015},
  isbn =	{9780134393339},
  }

@Book{diveIntoPython,
  title=	{Dive Into Python},
  author=	{Mark Pilgrim}, 
  address = {Apex},
  publisher=	{Apress},
  year=		{2004},
  isbn =	{9781590593561},
}

@Book{masteringQgis,
  title  =	{Mastering QGIS},
  author=	{Kurt Menke and Luigi Pirelli and Richard Smith and John Van Hoesen},
  address = {Birmingham},
  publisher = {Packt Publishing},
  year =        {2015},
  isbn=      {9781784398682}
}

@Book{pseudocode,
 title = {Pseudocode: Computer Programming, Algorithm, Programming Language, Declaration, Subroutine, Skeleton},
 author= {Lambert M. Surhone, Miriam T. Timpledon, Susan F. Marseken},
 address = {Saarbr√ºcken},
 publisher = {Betascript Publishing},
 year = {2010},
 isbn = {9786130317775}
}